@misc{gitPagesNVS,
  title        = {{Git Hub Issue about NVS pages}},
  howpublished = {\url{https://github.com/espressif/esp-idf/issues/5977}},
  year         = {2023},
  note         = {[Online; accessed 3-July-2023]}
}
@misc{gitSendLog,
  title        = {{Git Hub repo for sending the log over the network}},
  howpublished = {\url{https://github.com/nopnop2002/esp-idf-net-logging}},
  year         = {2023},
  note         = {[Online; accessed 4-July-2023]}
}